@misc{PETScWebpage,
	title = "PETSc webpage",
	howpublished = "\url{http://www.mcs.anl.gov/petsc/}",
}
